<record xmlns="http://www.loc.gov/MARC21/slim" xmlns:xsi="http://www.w3.org/2001/XMLSchema-instance" xsi:schemaLocation="http://www.loc.gov/MARC21/slim http://www.loc.gov/standards/marcxml/schema/MARC21slim.xsd"><leader>00230cz   2200097n  4500</leader><controlfield tag="001">oca00840651 </controlfield><controlfield tag="005">20000316050533.0</controlfield><controlfield tag="008">830120n| acannaab|          |n aaa      </controlfield><datafield ind1=" " ind2=" " tag="010"><subfield code="a">n  82144559 </subfield></datafield><datafield ind1=" " ind2=" " tag="040"><subfield code="a">DLC</subfield><subfield code="c">DLC</subfield><subfield code="d">Uk</subfield></datafield><datafield ind1="1" ind2=" " tag="100"><subfield code="a">Avienus, Rufius Festus</subfield></datafield></record>